<record><leader>00000cas a22000007a 4500</leader><controlfield tag="001">26018067</controlfield><controlfield tag="008">920615d196119uuaruwr ne      0    0eng d</controlfield><datafield ind1=" " ind2=" " tag="010"><subfield code="a">sn 92050103 </subfield></datafield><datafield ind1=" " ind2=" " tag="040"><subfield code="a">ANU</subfield><subfield code="b">eng</subfield><subfield code="c">ANU</subfield><subfield code="d">OCLCQ</subfield></datafield><datafield ind1=" " ind2=" " tag="042"><subfield code="a">msc</subfield></datafield><datafield ind1="0" ind2=" " tag="130"><subfield code="a">Twin city news (West Helena, Ark.)</subfield></datafield><datafield ind1="1" ind2="0" tag="245"><subfield code="a">Twin city news.</subfield></datafield><datafield ind1=" " ind2=" " tag="260"><subfield code="a">West Helena, Ark. :</subfield><subfield code="b">W.M. Courtney and A.P. Murray</subfield></datafield><datafield ind1=" " ind2=" " tag="300"><subfield code="a">v.</subfield></datafield><datafield ind1=" " ind2=" " tag="310"><subfield code="a">Weekly</subfield></datafield><datafield ind1="1" ind2=" " tag="362"><subfield code="a">Began in 1961.</subfield></datafield><datafield ind1=" " ind2=" " tag="588"><subfield code="a">Description based on: Vol. 1, no. 29 (Feb. 22, 1962).</subfield></datafield><datafield ind1=" " ind2="4" tag="651"><subfield code="a">West Helena (Ark.)</subfield><subfield code="v">Newspapers.</subfield></datafield><datafield ind1=" " ind2="4" tag="651"><subfield code="a">Phillips County (Ark.)</subfield><subfield code="v">Newspapers.</subfield></datafield><datafield ind1=" " ind2=" " tag="752"><subfield code="a">United States</subfield><subfield code="b">Arkansas</subfield><subfield code="c">Phillips</subfield><subfield code="d">West Helena.</subfield></datafield><datafield ind1="1" ind2=" " tag="029"><subfield code="a">AU@</subfield><subfield code="b">000020710418</subfield></datafield></record>